% This file was created with JabRef 2.7b.
% Encoding: UTF8

@MOVIE{Barrie2007,
  author = {Barrie, James M.},
  title = {Peter Pan},
  note = {Coppenraths Kinderklassiker},
  year = {2007},
  edition = {1., Aufl.},
  publisher = {Coppenrath, Münster},
  location = {Münster},
  isbn = {3815741386},
  keywords = {kb},
  month = jun
}

@MOVIE{Beer1998,
  author = {Beer, Hans de},
  title = {Der kleine Eisbär und der Angsthase},
  year = {1998},
  publisher = {Nord Süd-Verlag},
  location = {Zürich},
  isbn = {3314006756},
  keywords = {kb},
}

@MOVIE{Blyton2009,
  author = {Blyton, Enid},
  title = {Fünf Freunde - Wie alles begann},
  note = {Sammelband 1},
  year = {2009},
  edition = {9},
  publisher = {Bassermann Verlag},
  location = {München},
  isbn = {3809425907},
  keywords = {kb},
  shorttitle = {Fünf Freunde - Wie alles begann}
}

@MOVIE{Boie2006,
  author = {Boie, Kirsten},
  title = {Der kleine Ritter Trenk},
  year = {2006},
  edition = {2., Aufl.},
  publisher = {Oetinger},
  location = {Hamburg},
  isbn = {3789131636},
  keywords = {kb},
}

@MOVIE{Brezina2000,
  title={Tom Turbo},
  author={Brezina, Thomas},
  keywords = {kb},
  year={2000}
}

@SERIES{BrezinaK,
  title = {Die Knickerbocker-Bande},
  author = {Brezina, Thomas},
  year = {1990--},
  keywords = {kb}
}

@MOVIE{Brezina2008,
  author = {Brezina, Thomas},
  title = {Im Donnertempel},
  maintitle = {Ein Fall für dich und das Tiger-Team},
  number = {1},
  year = {2008},
  edition = {1},
  publisher = {Schneiderbuch},
  isbn = {{350512480X}},
  keywords = {kb},
}


@MOVIE{Brezina2010,
  author = {Brezina, Thomas C.},
  title = {Der Meister der Dunkelheit},
  maintitle = {Die Knickerbocker-Bande},
  number = {66},
  note = {Sonderband 10},
  year = {2010},
  location = {Ravensburg},
  edition = {1},
  publisher = {Ravensburger Buchverlag},
  isbn = {3473471704},
  keywords = {kb},
  shorttitle = {Knickerbocker-Bande 66}
}

@MOVIE{Brezina2010a,
  author = {Brezina, Thomas C.},
  title = {Das Diamantengesicht},
  maintitle = {Die Knickerbocker-Bande},
  number = {53},
  year = {2010},
  edition = {1},
  publisher = {Ravensburger Buchverlag},
  location = {Ravensburg},
  isbn = {3473471577},
  keywords = {kb},
  shorttitle = {Die Knickerbocker-Bande 53}
}

@MOVIE{Collodi2010,
  author = {Collodi, Carlo},
  title = {Pinocchio},
  year = {2010},
  edition = {1., Aufl.},
  publisher = {Nord-Süd-Verlag},
  isbn = {3314017936},
  keywords = {kb},
}

@MOVIE{Dietl2009,
  author = {Dietl, Erhard},
  title = {Die Olchis sind da},
  year = {2009},
  edition = {Neuauflage.},
  publisher = {Oetinger},
  location = {Hamburg},
  isbn = {3789106828},
  keywords = {kb},
}

@MOVIE{Dittert2012,
  author = {Dittert, Christoph},
  title = {Die drei ??? und die brennende Stadt},
  year = {2012},
  edition = {1., Aufl.},
  publisher = {Kosmos {(Franckh-Kosmos)}},
  isbn = {{344012701X}},
  keywords = {kb},
  month = aug,
  shorttitle = {Die drei ?}
}

@MOVIE{Finsterbusch2012,
  author = {Finsterbusch, Monika},
  title = {Prinzessin Lillifee und der Bergkristall},
  year = {2012},
  edition = {1., Aufl.},
  publisher = {Coppenrath, Münster},
  isbn = {3649608863},
  keywords = {kb},
  month = jul
}

@MOVIE{Funke2008,
  author = {Funke, Cornelia},
  title = {Die wilden Hühner: {BD} 1},
  year = {2008},
  publisher = {Dressler},
  isbn = {3791504452},
  keywords = {kb},
  shorttitle = {Die wilden Hühner}
}

@MOVIE{Kinney2012,
  author = {Kinney, Jeff},
  title = {Gregs Tagebuch - Von Idioten umzingelt!},
  year = {2012},
  edition = {1. Auflage Stickerbogen},
  publisher = {Bastei Lübbe {(Baumhaus} Taschenbuch)},
  isbn = {{384320005X}},
  keywords = {kb},
  month = aug
}

@MOVIE{Klein2011,
  author = {Klein, Martin},
  title = {Leserabe: Baumhausgeschichten},
  year = {2011},
  edition = {2},
  publisher = {Ravensburger Buchverlag},
  isbn = {3473362646},
  keywords = {kb},
  month = jun,
  shorttitle = {Leserabe}
}

@MOVIE{KNISTER1999,
  author = {{KNISTER}},
  title = {Hexe Lilli stellt die Schule auf den Kopf: Hexe Lilli für Erstleser},
  year = {1999},
  edition = {9., Aufl.},
  publisher = {Arena},
  isbn = {3401044915},
  keywords = {kb},
  shorttitle = {Hexe Lilli stellt die Schule auf den Kopf}
}

@MOVIE{Leope2008,
  author = {Leopé and Brezina, Thomas C.},
  title = {Tom Turbo 1: Die Jagd nach dem tollsten Fahrrad der Welt},
  year = {2008},
  edition = {2},
  publisher = {Ravensburger Buchverlag},
  isbn = {3473472433},
  keywords = {kb},
  month = oct,
  shorttitle = {Tom Turbo 1}
}

@MOVIE{Lindgren1986,
  author = {Lindgren, Astrid},
  title = {Pippi Langstrumpf},
  year = {1986},
  edition = {24., Aufl.},
  publisher = {Oetinger Verlag},
  isbn = {3789118516},
  keywords = {kb},
  month = aug
}

@MOVIE{Maar2011,
  author = {Maar, Paul},
  title = {Sams im Glück},
  year = {2011},
  publisher = {Oetinger},
  isbn = {3789142905},
  keywords = {kb},
  month = sep
}

@MOVIE{Masannek2003,
  author = {Masannek, Joachim},
  title = {Die Wilden Fußballkerle Leon der Slalomdribbler: Band 1},
  year = {2003},
  edition = {1},
  publisher = {Deutscher Taschenbuch Verlag},
  isbn = {3423708034},
  keywords = {kb},
  month = oct,
  shorttitle = {Die Wilden Fußballkerle Leon der Slalomdribbler}
}

@MOVIE{Noestlinger2011,
  author = {Nöstlinger, Christine},
  title = {Geschichten von Mini},
  year = {2011},
  edition = {1},
  publisher = {Bibliographisches Institut, Mannheim},
  isbn = {3794161998},
  keywords = {kb},
  month = jul
}

@MOVIE{Noestlinger2010,
  author = {Nöstlinger, Christine},
  title = {Geschichten vom Franz},
  year = {2010},
  edition = {Neuauflage.},
  publisher = {Oetinger},
  isbn = {3789107301},
  keywords = {kb},
  month = may
}

@MOVIE{Osborne2007,
  author = {Osborne, Mary Pope},
  title = {Das magische Baumhaus, Im Tal der Dinosaurier},
  year = {2007},
  edition = {3., Aufl.},
  publisher = {Loewe Verlag},
  keywords = {kb},
  isbn = {3785535910}
}

@MOVIE{Pfister2011,
  author = {Pfister, Marcus},
  title = {Der Regenbogenfisch},
  year = {2011},
  edition = {29.},
  publisher = {Nord-Süd},
  keywords = {kb},
  isbn = {3314005814}
}

@MOVIE{Preussler2005,
  author = {Preussler, Otfried},
  title = {Die kleine Hexe},
  year = {2005},
  edition = {65},
  publisher = {Thienemann Verlag},
  isbn = {{352210580X}},
  keywords = {kb},
  month = jan
}

@MOVIE{Preussler2005a,
  author = {Preußler, Otfried},
  title = {Der Räuber Hotzenplotz},
  year = {2005},
  edition = {58., Aufl.},
  publisher = {Thienemann Verlag},
  isbn = {3522105907},
  keywords = {kb},
  month = jan
}

@MOVIE{Rowling1998,
  author = {Rowling, Joanne K.},
  title = {Harry Potter und der Stein der Weisen},
  year = {1998},
  edition = {62},
  publisher = {Carlsen Verlag {GmbH}},
  isbn = {3551551677},
  keywords = {kb},
  month = jul
}

@MOVIE{Scheffler2011,
  author = {Scheffler, Axel and Donaldson, Julia and Books, Macmillan Children's},
  title = {Der Grüffelo: Vierfarbiges Pappbilderbuch},
  year = {2011},
  edition = {9},
  publisher = {Beltz \& Gelberg},
  isbn = {3407792913},
  keywords = {kb},
  month = oct,
  shorttitle = {Der Grüffelo}
}

@MOVIE{Schneider2010,
  author = {Schneider, Liane},
  title = {Conni-Bilderbücher: Das große Conni-Buch},
  year = {2010},
  edition = {5},
  publisher = {Carlsen Verlag {GmbH}},
  isbn = {3551517428},
  keywords = {kb},
  month = oct,
  shorttitle = {Conni-Bilderbücher}
}

@MOVIE{Schwarz2004,
  author = {Schwarz, Britta},
  title = {Das kleine Wutmonster},
  year = {2004},
  publisher = {Betz, Wien},
  isbn = {{321911153X}},
  keywords = {kb},
  month = jan
}

@MOVIE{Siegner2002,
  author = {Siegner, Ingo},
  title = {Der kleine Drache Kokosnuss: Vorlesebilderbuch},
  year = {2002},
  publisher = {cbj},
  isbn = {3570126838},
  keywords = {kb},
  month = sep,
  shorttitle = {Der kleine Drache Kokosnuss}
}

