% This file was created with JabRef 2.7b.
% Encoding: UTF8

@INCOLLECTION{Daubert2011,
  author = {Hannelore Daubert},
  title = {Moderne Kinderromane},
  year = {2011},
  pages = {87--105},
  crossref = {Lange2011},
  owner = {peter},
  timestamp = {2012.07.17}
}

@INCOLLECTION{Ewers2011,
  author = {Hans-Heino Ewers},
  title = {Kinder- und Jugendliteratur},
  year = {2011},
  subtitle = {Begriffsdefinitionen},
  pages = {3--12},
  crossref = {Lange2011},
  owner = {peter},
  timestamp = {2012.07.17}
}

@ARTICLE{Guertler2003,
  author = {Christa Gürtler},
  title = {Man wird nicht als Frau geboren},
  year = {2003},
  crossref = {2003},
  owner = {peter},
  timestamp = {2012.06.24}
}

@INBOOK{Hertz2007,
  author = {Hertz, Robert},
  title = {Die Vorherrschaft der rechten Hand},
  year = {2007},
  pages = {181--217},
  __markedentry = {[peter:]},
  crossref = {Hertz2007a},
  issn = {3896695312},
  keywords = {biologie, konstruktion, sozialisation, theorie},
  origyear = {1909},
  owner = {peter},
  refid = {340},
  timestamp = {2012.06.21}
}

@INCOLLECTION{Johnson2006,
  author = {Jim Johnson},
  title = {Die Vermischung von Menschen und Nicht-Menschen},
  year = {2006},
  subtitle = {Die Soziologie eines Türschließers},
  pages = {235--258},
  crossref = {Belliger2006},
  nameaddon = {Bruno Latour},
  origsubtitle = {The Sociology of a Door-Closer},
  origtitle = {Mixing Humans and Non-Humans Together},
  origyear = {1988},
  owner = {peter},
  timestamp = {2012.07.15}
}

@INCOLLECTION{Law2011,
  author = {John Law},
  title = {Pinnwände und Bücher},
  year = {2011},
  pages = {21--45},
  crossref = {Balke2011},
  owner = {peter},
  timestamp = {2012.07.14}
}

@INCOLLECTION{Rank2011,
  author = {Bernhard Rank},
  title = {Phantastische Kinder- und Jugenliteratur},
  year = {2011},
  crossref = {Lange2011},
  owner = {peter},
  timestamp = {2012.09.07}
}

@PERIODICAL{2003,
  title = {1000 und 1 Buch},
  year = {2003},
  subtitle = {Das Magazin für Kinder- und Jugendliteratur},
  issuetitle = {Geschlechterrollen und Rollenbilder},
  volume = {1},
  crossref = {2003},
  owner = {peter},
  timestamp = {2012.06.24}
}

@ARTICLE{Agee1993,
  author = {Jane M. Agee},
  title = {Mothers and Daughters},
  journaltitle = {Children's Literature in Education},
  year = {1993},
  subtitle = {Gender-Role Socialization in Two Newbery Award Books},
  volume = {24},
  number = {3},
  pages = {165--183},
  file = {:agee1993.pdf:PDF},
  owner = {peter},
  timestamp = {2012.07.07}
}

@ARTICLE{Agnew1997,
  author = {Agnew, Robert and Brezina, Timothy},
  title = {Relational Problems with Peers, Gender, and Delinquency},
  journaltitle = {Youth Society},
  year = {1997},
  volume = {29},
  number = {1},
  month = sep,
  pages = {84--111},
  issn = {0044-118X, 1552-8499},
  url = {http://yas.sagepub.com/content/29/1/84},
  __markedentry = {[peter:]},
  abstract = {Although there is some evidence to suggest that classic strain theory
  is applicable to both male and female delinquency, several theorists
  have argued that a distinct version of strain theory may be required
  to explain delinquency among females. In particular, whereas male
  deviance tends to be generated by classic (or economic) strain, female
  deviance tends to be generated by strain occurring in interpersonal
  relations. This study attempts to test this argument by examining
  the relative effects of interpersonal strain on male and female delinquency.
  An analysis of national survey data reveals that interpersonal strain
  (or problems in peer relations) is an important correlate of certain
  types of delinquency among female adolescents. The analysis also
  reveals, however, that interpersonal strain is perhaps a more important
  correlate of male delinquency. Implications for the understanding
  of female delinquency are discussed.},
  owner = {peter},
  refid = {349},
  timestamp = {2012.06.21}
}

@BOOK{Anderson2006,
  author = {Benedict Anderson},
  title = {Imagined Communities},
  year = {2006},
  edition = {New Edition},
  publisher = {Verso},
  location = {London AND New York},
  origyear = {1983},
  owner = {peter},
  timestamp = {2012.07.15}
}

@BOOK{Aristoteles1991,
  author = {Aristoteles},
  title = {Poetik},
  year = {1991},
  edition = {Griechisch/Deutsch},
  publisher = {Reclam},
  location = {Stuttgart},
  pages = {--},
  __markedentry = {[peter:]},
  issn = {3150023378},
  keywords = {drama, figuren, schreiben},
  month = mar,
  origtitle = {335\,v.\,Chr.},
  owner = {peter},
  refid = {323},
  timestamp = {2012.06.21}
}

@PHDTHESIS{Beinzinger,
  author = {Dagmar Beinzinger},
  title = {Filmerfahrung im Biographischen Rückblick},
  year = {2004},
  file = {:beinzinger2004.pdf:PDF},
  owner = {peter},
  school = {Goethe-Universität Frankfurt am Main},
  timestamp = {2012.07.07}
}

@INCOLLECTION{Bischof1999,
  author = {Ulrike Bischof AND Horst Heidtmann},
  editor = {Matthias Duderstadt AND Claus Forytta},
  title = {Kinder lieben Serien},
  booktitle = {Literarisches Lernen},
  year = {1999},
  subtitle = {oder: Enid Blyton, erfolgeichste Kinderbuchautorin der Welt},
  booksubtitle = {Beiträge zur Reform der Grudnschule},
  volume = {107},
  publisher = {Grundschulverband},
  location = {Frankfurt/M},
  pages = {50--58},
  __markedentry = {[peter:]},
  address = {Frankfur a.M.},
  file = {:/home/peter/Dropbox/ForPraLit/Forest/Literatur/PDFs/bischof1999.pdf:PDF},
  owner = {peter},
  timestamp = {2012.06.23}
}

@BOOK{Braidt2008,
  author = {Andrea B. Braidt},
  title = {Film-Genus},
  year = {2008},
  subtitle = {Gender und Genre in der Filmwahrnehmung},
  publisher = {Schüren},
  location = {Marburg},
  file = {Leseprobe:braidt2008.pdf:PDF},
  owner = {peter},
  timestamp = {2012.07.07}
}

@ARTICLE{Breckner2012,
  author = {Roswitha Breckner},
  title = {Bildwahrnehmung -- Bildinterpretation},
  journaltitle = {Österreichische Zeitschrift für Soziologie},
  year = {2012},
  subtitle = {Segmentanalyse als methodischer Zugang zur Erschließung bildlichen
  Sinns},
  volume = {37},
  pages = {143--164},
  abstract = {Der B eitrag stellt die visuelle Segmentanalyse als einen bild- und
  symboltheoretisch
  
  begründeten sowie methodisch ausgearbeiteten Zugang zu B ildern im
  R ahmen der
  
  interpretativen Soziologie sowie der sich gegenwärtig dynamisch entwickelnden
  visuellen Soziologie
  
  vor. E r folgt der Frage, wie visuelle Wahrnehmungen in beschreibende
  und interpretierende
  
  Sprache transformiert werden können, ohne den spezifisch bildlichen
  Sinn dabei zu verfehlen.
  
  Die Diskussion dieser Frage schließt an die U nterscheidung zwischen
  präsentativen und diskursiven
  
  Formen der Symbolisierung von Susanne Langer an. Dabei wird auf das
  P otential der
  
  Sprache, nicht nur A ussagesätze in diskursiver Form, sondern auch
  bildanschauliche B eschreibungen
  
  präsentativ hervorzubringen, rekurriert. A n einem konkreten B ildbeispiel
  wird gezeigt,
  
  wie mit einer Segmentanalyse rekonstruiert werden kann, in welcher
  Weise aus der B eziehung
  
  und (formalen) Organisiertheit verschiedener B ildelemente in einer
  G esamtkomposition (Imdahl)
  
  beim B etrachten (also wahrnehmend) eine B ildgestalt entsteht, die
  zum T eil bestimmbare, zum
  
  Teil unbestimmt bleibende B edeutungs- und Sinnbezüge in diskursiven
  Verweisungszusammenhängen
  
  generiert.},
  file = {:breckner2012.pdf:PDF},
  keywords = {Visuelle Soziologie, Interpretative Methode, Visuelle Segmentanalyse,
  
  Bildwahrnehmung, Bildbeschreibung, Bildinterpretation},
  owner = {peter},
  timestamp = {2012.07.07}
}

@BOOK{Butler2007,
  author = {Judith Butler},
  title = {Undoing Gender},
  year = {2007},
  edition = {Kindle Edition},
  publisher = {Routledge},
  isbn = {0415969239},
  pagetotal = {Online-Ressource (viii, 273 p)},
  url = {http://site.ebrary.com/lib/alltitles/docDetail.action?docID=10094326},
  __markedentry = {[peter:6]},
  address = {New York},
  owner = {peter},
  ppn_gvk = {685706834},
  timestamp = {2012.06.24}
}

@REPORT{Boeck2007,
  author = {Margit Böck},
  title = {Gender \& Lesen},
  type = {White Paper},
  institution = {Bundesministerium für Unterricht, Kunst und Kultur},
  year = {2007},
  subtitle = {Geschletersensible Leseförderung: Daten, Hintergründe und Förderungsansätze},
  location = {Wien},
  url = {www.bmukk.gv.at/medienpool/15230/genderlesenwebfassung.pdf},
  address = {Wien},
  editor = {Böck Margit},
  owner = {peter},
  publisher = {Bundesministerium für Unterricht, Kunst und Kultur},
  timestamp = {2012.06.25}
}

@INPROCEEDINGS{Boeck2001,
  author = {Margit Böck},
  title = {Ungleiche Erwartungen},
  booktitle = {Multiple Choice -- Kinder und ihre Medien},
  year = {2001},
  subtitle = {Kidermedien im Sapnnungsfeld zwischen Ansprüchen der Kinder und Erwartungen
  der Erwachsenen},
  eventdate = {2001-11-07},
  organization = {Bundeskanzleramt -- Kunstsektion AND Internationales Institut für
  Jugendliteratur und Leseforschung AND ORF},
  url = {http://www.jugendliteratur.net/download/boeck.pdf},
  __markedentry = {[peter:]},
  address = {Wien},
  file = {:/home/peter/Dropbox/ForPraLit/Forest/Literatur/PDFs/boeck2001.pdf:PDF},
  owner = {peter},
  timestamp = {2012.06.23}
}

@BOOK{Boeck2000,
  author = {Margit Böck},
  title = {Das Lesen in der neuen Medienlandschaft},
  year = {2000},
  subtitle = {Zu den Lesegewohnheiten und Leseinteressen der 8- bis 14-Jährigen
  in Österreich},
  publisher = {StudienVerlag},
  isbn = {3-7065-1466-4},
  abstract = {Die Bedingungen des Lesens sind für Kinder heute ganz andere, als
  sie es noch für die Generation ihrer Eltern oder ihrer LehrerInnen
  waren. Das vergleichsweise unspektakuläre Medium Buch kommt durch
  die bewegten Bilderwelten des Fernsehens und Computers, der Spielkonsolen
  und des Internet immer mehr in Bedrängnis. Trotzdem ist das Buch
  auch in der aktuellen Medienvielfalt für Kinder eine attraktives
  Medium. Besonders die 8- 10-Jährigen, die das Lesen eben erst gelernt
  haben, sind begeisterte Buchfans. Dann brechen aber die Lesefreude
  und die Lesehäufigkeit stark ein. Andere Medien und andere Freizeitbeschäftigungen
  werden wichtiger, Freizeitmuster, in denen das Buch Platz hat oder
  nicht, beginnen sich herauszukristallisieren. Diese Buch stellt die
  Ergebnisse einer Befragung von 1.200 8- bis 14-Jährigen über ihre
  Lesegewohnheiten und ihre Lesevorlieben vor. Was ein Buch attraktiv
  macht und wie sie zu ihren Lesestoffen kommen wird dabei ebenso thematisiert
  wie die Konkurrenz zwischen Buch, Fernsehen und Computer. Kurzporträts
  geben einen Einblick in die Individualität kindlicher Lesewelten.
  Aus den Befunden abgeleitete Ansatzpunkte für die Förderung des Lesens
  schließen das Buch ab.},
  owner = {peter},
  timestamp = {2012.06.24}
}

@ARTICLE{Buehler-Niederberger2005,
  author = {Bühler-Niederberger, Doris},
  title = {The Radicalization of the Self -- "Beyond" Generarional Order},
  journaltitle = {Sociological Studies of Children and Youth},
  year = {2005},
  subtitle = {Germans Children's Literature as a Case Study},
  volume = {10},
  number = {10},
  month = feb,
  pages = {101--124},
  url = {http://www.emeraldinsight.com/books.htm?chapterid=1759721&show=pdf},
  __markedentry = {[peter:]},
  owner = {peter},
  refid = {348},
  timestamp = {2012.06.21}
}

@ARTICLE{Buerki2002,
  author = {Bürki, Gisela},
  title = {Kinder- und Jugendliteratur – ein literarisches Schattendasein},
  journaltitle = {querelles-net},
  year = {2002},
  subtitle = {Children’s and Young Adult Literature—a Shadowy Existence},
  volume = {3},
  number = {7},
  url = {http://www.doaj.org/doaj?func=abstract&id=776605},
  __markedentry = {[peter:]},
  abstract = {Das zweibändige Taschenbuch der Kinder- und Jugendliteratur behandelt
  in 43 von verschiedenen Autorinnen und Autoren verfassten Beiträgen
  sowohl Begriffsbestimmung und Geschichte der deutschsprachigen Kinder-
  und Jugendliteratur als auch gattungstheoretische Fragen, Thematisches
  ausgewählte thematische Aspekte und verwandte Medien. Das Handbuch
  dürfte sich als ein Basiswerk der Kinder- und Jugendliteraturforschung
  herausstellen.},
  keywords = {Jugend ; Kinder ; Literatur ; Medien ; Sozialisation ; Geschlecht
  ; Gender},
  owner = {peter},
  timestamp = {2012.06.21}
}

@BOOK{Carr2011,
  author = {Carr, Nicholas},
  title = {The Shallows},
  year = {2011},
  subtitle = {What the Internet is Doing to Our Brains},
  publisher = {Norton},
  pages = {--},
  __markedentry = {[peter:]},
  address = {New York},
  issn = {0393339750},
  keywords = {biologie, gehirn, medien, sozialisation, theorie},
  month = jun,
  owner = {peter},
  refid = {331},
  timestamp = {2012.06.21}
}

@ARTICLE{Clark2002,
  author = {Clark, Roger},
  title = {Why All the Counting? Feminist Social Science Research on Children's
  Literature},
  journaltitle = {Children's Literature in Education},
  year = {2002},
  volume = {33},
  number = {4},
  pages = {285--295},
  issn = {0045-6713},
  url = {http://www.springerlink.com/content/u272hk2w4536360h/abstract/},
  __markedentry = {[peter:]},
  abstract = {This article addresses the question of why counting has figured so
  prominently in feminist social science studies of children's literature.
  It documents the quantitative approach to children's books used by
  both liberal and radical feminists, gives an account of why this
  approach has been so popular among feminist social scientists, and
  outlines some of the achievements and limitations of this approach.
  The article also indicates some reasons why recent, multicultural
  feminist, social science studies have used a more qualitative approach
  to children's literature, as well as some reasons to expect that
  one might count on a greater balance of qualitative and quantitative
  studies in the future.},
  keywords = {Humanities, Social Sciences and Law},
  owner = {peter},
  refid = {364},
  timestamp = {2012.06.21}
}

@ARTICLE{Dahrendorf1988,
  author = {Dahrendorf, Malte},
  title = {Kinder- und Jugendliteratur-Forschung in der Bundesrepublik Deutschland},
  journaltitle = {The Germanic Review: Literature, Culture, Theory},
  year = {1988},
  volume = {63},
  number = {1},
  pages = {6--12},
  issn = {0016-8890},
  doi = {10.1080/00168890.1988.9935432},
  url = {http://www.tandfonline.com/doi/abs/10.1080/00168890.1988.9935432},
  __markedentry = {[peter:]},
  owner = {peter},
  timestamp = {2012.06.21}
}

@MASTERSTHESIS{Deisenberger2012,
  author = {Christine Deisenberger AND Alexander Groß AND Susanne Gugl AND Verena
  Waidacher},
  title = {Buch als zeitloser Begleiter der Menschheit},
  year = {2012},
  type = {Seminararbeit},
  note = {Endbericht des Forschungspraktikums Objeket des Alltags},
  address = {Graz},
  owner = {peter},
  school = {Karl-Franzens-Universität},
  timestamp = {2012.07.11}
}

@BOOK{Durkheim1970,
  author = {Émile Durkheim},
  title = {Die Regeln der soziologischen Methode},
  year = {1970},
  editor = {René König},
  edition = {3},
  address = {Neuwied und Berlin},
  origdate = {1960},
  owner = {peter},
  timestamp = {2012.07.16}
}

@INCOLLECTION{Daehnke2003,
  author = {Iris Dähnke},
  editor = {Renate Luca},
  title = {Cultural Studies und ihre Bedutung für eine geschlechterbewusste
  Medienforschung},
  booktitle = {Medien.Sozialisation.Geschlecht.},
  year = {2003},
  publisher = {kopaed},
  pages = {27--38},
  address = {München},
  owner = {peter},
  timestamp = {2012.07.15}
}

@MOVIE{Eisenstein1925,
  author = {Sergei Eisenstein},
  location = {UdSSR},
  title = {Panzerkreuzer Potemkin},
  year = {1925},
  owner = {peter},
  timestamp = {2012.07.15}
}

@BOOK{Ewers2008,
  author = {Hans-Heino Ewers},
  title = {Literatur für Kinder und Jugendliche},
  year = {2008},
  editor = {Heinz- Heino Ewers},
  publisher = {UTB},
  location = {Stuttgart},
  owner = {liz},
  timestamp = {2012.07.16}
}

@ARTICLE{Franck2008,
  author = {Julia Franck},
  title = {The Wonder (of) Woman},
  journaltitle = {Woman in German},
  year = {2008},
  subtitle = {Das Wunder Frau},
  volume = {24},
  pages = {229--240},
  file = {:franck2009.pdf:PDF},
  owner = {peter},
  timestamp = {2012.07.07}
}

@MISC{Garbe2009,
  author = {Christine Garbe},
  title = {Wie wird man zu einem engagierten Leser / einer engagierten Leserin?},
  year = {2009},
  subtitle = {Erkenntnisse aus der lesebiographischen Forschung},
  type = {Kursunterlagen},
  organization = {Leuphana Universität},
  __markedentry = {[peter:]},
  address = {Lüneburg},
  file = {:/home/peter/Dropbox/ForPraLit/Forest/Literatur/PDFs/garbe2009.pdf:PDF},
  owner = {peter},
  timestamp = {2012.06.23}
}

@MISC{Garbe2007,
  author = {Christine Garbe},
  title = {"Echte Kerle lesen nicht!?" Doch: Jungen lesen anders!},
  year = {2007},
  subtitle = {Zu Leseinteressen und -bedürfnissen von Jungen},
  type = {Impulsvortrag},
  location = {Köln},
  __markedentry = {[peter:]},
  address = {Köln},
  file = {:/home/peter/Dropbox/ForPraLit/Forest/Literatur/PDFs/garbe2007.pdf:PDF},
  owner = {peter},
  timestamp = {2012.06.24}
}

@ARTICLE{Garbe2003,
  author = {Garbe, Christine},
  title = {Mädchen lesen ander(e)s als Jungen},
  journaltitle = {querelles-net},
  year = {2003},
  subtitle = {Unterschiedliche Leseinteressen und Leseweisen – Empirische Befunde
  und Erklärungsansätze},
  volume = {4},
  number = {10},
  month = jan,
  issn = {{1862-054X}},
  url = {http://www.querelles-net.de/index.php/qn/article/viewArticle/207/215},
  __markedentry = {[peter:]},
  abstract = {Mädchen lesen ander(e)s als Jungen. Unterschiedliche Leseinteressen
  und Leseweisen – Empirische Befunde und Erklärungsansätze},
  copyright = {Ab Jahrgang 10, Nummer 1 (ab dem Jahr 2009) erscheinen Texte in querelles-net
  unter der Lizenz Creative Commons Namensnennung 3.0 Deutschland .},
  keywords = {Bildung, Gender, Geschlecht, Jugend, Literatur},
  owner = {peter},
  timestamp = {2012.06.21}
}

@INCOLLECTION{Gildemeister2000,
  author = {Regine Gildemeister},
  editor = {Uwe Flick AND Ernst von Kardorff AND Ines Steinke},
  title = {Geschlechterforschung (gender studies)},
  booktitle = {Qualitative Sozialforschung},
  year = {2000},
  publisher = {Rowohlt Taschenbuch},
  chapter = {3.10},
  pages = {213--223},
  file = {:gildemeister2000.pdf:PDF},
  owner = {peter},
  timestamp = {2012.07.07}
}

@INCOLLECTION{Gildemeister1992,
  author = {Regine Gildemeister AND Angelika Wetterer},
  editor = {Gudrun-Axeli Knapp},
  title = {Wie Geschlechter gemacht werden},
  booktitle = {Traditionen Brüche},
  year = {1992},
  subtitle = {Die soziale Konstruktion der Zwei-Geschlechtlichkeit und ihre Reifizierung
  in der Frauenforschung},
  booksubtitle = {Entwicklungen feministischer Theorie},
  series = {Forum Frauenforschung},
  number = {8},
  publisher = {Kore Verlag},
  location = {Freiburg/B},
  isbn = {3-926023-82-1},
  pages = {201--254},
  owner = {peter},
  timestamp = {2012.07.16}
}

@BOOK{Goffman1981,
  author = {Erving Goffman},
  title = {Geschlecht und Werbung},
  year = {1981},
  publisher = {Suhrkamp Verlag},
  location = {Frankfurt a. M.},
  owner = {peter},
  timestamp = {2012.09.07}
}

@ARTICLE{Grauerholz1989,
  author = {Grauerholz, Elizabeth and Pescosolido, Bernice A.},
  title = {Gender Representation in Children's Literature: 1900-1984},
  journaltitle = {Gender & Society},
  year = {1989},
  volume = {3},
  number = {1},
  month = mar,
  pages = {113--125},
  issn = {0891-2432, 1552-3977},
  url = {http://gas.sagepub.com/content/3/1/113},
  __markedentry = {[peter:]},
  abstract = {This article explores trends in the presence and centrality of males
  and females in American children's picture books in the twentieth
  century. Using the Children's Catalog as a population base and a
  time series analysis, we found that the imbalance in depicting males
  and females varies through the century in a curvilinear fashion.
  The earlier and later periods of the century show more egalitarian
  representations of females in titles and central roles. However,
  when stories involving only adults or animal characters are considered,
  males become more prominent over time. Changes in literary themes
  and the position of women during this time span may be useful in
  developing a theory to account for these trends.},
  owner = {peter},
  refid = {352},
  timestamp = {2012.06.21}
}

@MASTERSTHESIS{Grigat2009,
  author = {Marika Grigat},
  title = {Rollenbilder in Bilderbüchern - Welche Geschlechterstereotype transportieren
  Bilderbücher},
  year = {2009},
  file = {:grigat2009.pdf:PDF},
  owner = {peter},
  school = {Hochschule Neubrandenburg},
  timestamp = {2012.07.11}
}

@INPROCEEDINGS{Hall1980,
  author = {Stuart Hall},
  editor = {Centre for Contemporary Cultural Studies},
  title = {Encoding/decoding},
  booktitle = {Culture, Media, Language},
  year = {1980},
  booksubtitle = {Working Papers in Cultural Studies, 1972--79},
  organization = {Hutchinson},
  location = {London},
  pages = {128--138},
  origyear = {1973},
  owner = {peter},
  timestamp = {2012.07.15}
}

@ONLINE{Hall2010,
  author = {Stuart Hall},
  editor = {stackacs09},
  title = {Stuart Hall Representations - Ideology},
  year = {2010},
  url = {http://www.youtube.com/watch?v=ywHtdbbz1rs&feature=related},
  urldate = {2011-07-03},
  location = {You},
  owner = {peter},
  timestamp = {2012.07.15},
  type = {Vortrag}
}

@ARTICLE{Haller2004,
  author = {Karin Haller},
  title = {Von Marsmädchen und Jupiterjungs},
  journaltitle = {Erziehung und Unterricht},
  year = {2004},
  subtitle = {Zur Gender-Perspektive in der Kinder- und Jugendliteratur},
  number = {5},
  issue = {6},
  pages = {488--495},
  owner = {peter},
  timestamp = {2012.09.07}
}

@BOOK{Hertz2007a,
  author = {Hertz, Robert},
  title = {Das Sakrale, die Sünde und der Tod},
  year = {2007},
  subtitle = {Religions-, kultur- und wissenssoziologische Untersuchungen},
  publisher = {UVK},
  pages = {--},
  __markedentry = {[peter:]},
  address = {Konstanz},
  issn = {3896695312},
  owner = {peter},
  refid = {337},
  timestamp = {2012.06.21}
}

@ARTICLE{Hipfl2004,
  author = {Brigitte Hipfl},
  title = {Medien -- Macht -- Pädagogik},
  journaltitle = {MedienPädagogik},
  year = {2004},
  date = {2004-02-25},
  subtitle = {Konturen einer Cultural-Studies-basierten Medienpödagogik, illustriet
  an Reality-TV-Sendungen},
  journalsubtitle = {www.medienpead.com},
  url = {www.medienpaed.com/03-2/hipfl03-2.pdf},
  urldate = {2011-07-01},
  address = {www.medienpaed.com},
  owner = {peter},
  timestamp = {2012.07.15}
}

@MASTERSTHESIS{Hofmann2008,
  author = {Hofmann, Anna Therese},
  title = {Doing gender im Kinderfilm},
  year = {2008},
  note = {eine soziologische Filmanalyse zur Repräsentation und Konstruktion
  von Geschlecht am Fallbeispiel "Kletter-Ida"},
  url = {http://othes.univie.ac.at/2452/},
  __markedentry = {[peter:]},
  abstract = {Thema dieser Arbeit ist die Repräsentation und Konstruktion von Gender
  im Kinderfilm. Anhand des Fallbeispiels Kletter-Ida wird untersucht
  wie Prozesse des Doing gender im Film sichtbar gemacht werden und
  wie Geschlechtlichkeit über die Hauptfigur durch Elemente der filmischen
  Gestaltung hergestellt, d.h. medial konstruiert wird. Film wird dabei
  als kultureller Text begriffen, der Bedeutungen und kulturelle Codes
  produziert und gesellschaftliche Normen, Vorstellungen und Formen
  der Darstellbarkeit – Repräsentationen – von Gender vermittelt. Durch
  die soziologische Filmanalyse können Bedeutungen und Zuschreibungen
  an die Hauptfigur, die filmische Konstruktion von Geschlecht rekonstruktiv
  erschlossen werden. Als theoretischer Rahmen der Arbeit dienen sozialkonstruktivistische
  Gendertheorien (Doing gender), die Medientheorie der Cultural Studies
  und der Filmsoziologie, sowie die feministische Medien- und Kommunikationsforschung.
  Zur Untersuchung der Fragestellung wurde eine eigene qualitative
  Methode zur soziologischen Filmanalyse entwickelt, die die die soziologische
  Filminterpretation nach Faulstich als Analysemethode mit einem Interpretationsverfahren
  der sozialwissenschaftlichen Hermeneutik kombiniert. Insgesamt 18
  Sequenzen des Films nach dieser Methode in einem zweistufigen hermeneutischen
  Interpretationsverfahren, und mit Hilfe eines Analyseleitfadens zur
  Figurendarstellung untersucht. Ziel der empirischen Untersuchung
  war es, Prozesse des Doing gender und filmische Mechanismen der Konstruktion
  von Geschlecht in der Interpretation ausgewählter Sequenzen des Films
  Kletter-Ida zu erfassen und nachzuvollziehen. Zentraler Punkt bei
  der Analyse der weiblichen Hauptfigur war dabei das Motiv der ‚Inszenierung
  von Weiblichkeit’, das die strategische Relevantsetzung von Gender
  durch geschlechtlich konnotierte Praktiken beschreibt. Anhand des
  Fallbeispiels kann somit die These der differenziellen Relevanz,
  der situativen und kontextabhängigen Herstellung von Geschlecht,
  als Element der filmischen Konstruktion von Gender aufgezeigt werden.},
  file = {:hoffmann2008.pdf:PDF},
  owner = {peter},
  school = {Universtität Wien},
  timestamp = {2012.06.21}
}

@ARTICLE{Inglis1996,
  author = {Fred Inglis},
  title = {Promising Happiness},
  journaltitle = {Children's Literature in Education},
  year = {1996},
  subtitle = {The Good Writer, the Perfect Reader, the Obedient Consumer},
  volume = {27},
  number = {1},
  file = {:inglis1996.pdf:PDF},
  owner = {peter},
  timestamp = {2012.07.07}
}

@ARTICLE{JoonJang2007,
  author = {Joon Jang, Sung},
  title = {Gender Differences in Strain, Negative Emotions, and Coping Behaviors},
  journaltitle = {Justice Quarterly},
  year = {2007},
  subtitle = {A General Strain Theory Approach/},
  series = {/orig},
  volume = {24},
  number = {3},
  pages = {523--553},
  issn = {0741-8825},
  url = {http://www.tandfonline.com/doi/abs/10.1080/07418820701485486},
  __markedentry = {[peter:]},
  abstract = {This paper empirically evaluates Broidy and Agnew’s propositions,
  in which they apply general strain theory to explain gender differences
  in crime and deviance, by analyzing data from a national survey of
  adult African Americans. First, African American women were more
  likely to report strains related to physical health, interpersonal
  relations, gender roles in the family, and less likely to mention
  work‐related, racial as well as job strain than African American
  men. Second, African American women were less likely than African
  American men to turn to deviant coping strategies when they experienced
  strain partly because their strains were more likely to generate
  self‐directed emotions, such as depression and anxiety, which in
  turn were less likely to lead to deviant coping behaviors than other‐directed,
  angry emotion. Finally, it was found that the self‐directed emotions
  were more likely to result in nondeviant, legitimate coping behaviors
  than other‐directed emotion, anger.},
  owner = {peter},
  refid = {361},
  timestamp = {2012.06.21}
}

@BOOK{Joseph2010,
  author = {Joseph, Jennifer},
  title = {Schwache Helden für starke Jungs- Mangelnde Identifikationsangebote
  der Kinder- und Jugendliteratur als Ursache der männlichen Leseabstinenz?},
  year = {2010},
  note = {Examsarbeit},
  publisher = {Grin},
  isbn = {9783640581047},
  __markedentry = {[peter:]},
  abstract = {Durchforstet man berschriften und Schlagzeilen im Radio, Fernsehen
  und Internet, so st t man auf u erungen wie diese: Lesen ist f r
  Jungen M dchenkram, Jungen lesen nur, wenn sie m ssen oder auch Lesen
  ist weiblich . Fraglich erscheint nur in wie weit diese tats chlich
  ins Schwarze treffen. Denn auch wenn mittlerweile nicht mehr ernsthaft
  in Frage gestellt wird, dass Jungen heute insgesamt weniger und auch
  weniger gut lesen als M dchen, so ist noch nicht eindeutig gekl rt,
  welche Ursachen hierf r verantwortlich sind und ob dieser Zustand
  unumg nglich ist. Dementsprechend m chte ich mich in dieser wissenschaftlichen
  Arbeit der Frage nach den Ursachen der geringeren Lesemotivation
  und Lesekompetenz der Jungen widmen. Im Fokus meines Interesses steht
  hierbei neben den geschlechtsspezifischen Themen- und Genrepr ferenzen
  vor allem die These, dass mangelnde Identifikationsangebote der aktuellen
  Kinder- und Jugendliteratur es den Jungen erschweren, Empathief higkeit
  aufzubauen und dadurch zu einem lustvollen Lesegenuss zu gelangen.},
  address = {Norderstedt},
  keywords = {Foreign Language Study / German},
  month = mar,
  owner = {peter},
  timestamp = {2012.06.21}
}

@BOOK{Jaeger2009,
  author = {Jäger, Siegfried},
  title = {Kritische Diskursanalyse},
  year = {2009},
  subtitle = {Eine Einführung},
  volume = {3},
  edition = {5},
  series = {DISS},
  publisher = {Unrast},
  pages = {--},
  __markedentry = {[peter:]},
  abstract = {Kritische Diskursanalyse, inspiriert von den Schriften Michel Foucaults
  und orientiert an kultur- und literaturwissenschaftlichen Analyse-
  und Interpretationsverfahren, erfreut sich zunehmender Beliebtheit
  in allen Disziplinen, die mit Texten zu tun haben. Sowohl Pädagogen
  wie Psychologen, Sozial-, Sprach- und Literaturwissenschaftler, Medien-
  und Kommunikationswissenschaftler haben inzwischen erfolgreich mit
  den Vorschlägen, die die Kritische Diskursanalyse enthält, Diskurse
  analysiert und interpretiert. Das kritische Potential, das dieses
  Verfahren enthält, macht dieses besonders geeignet, gesellschaftlich
  brisante Themen zu analysieren, ihre Formen und Inhalte zu problematisieren
  und zu kritisieren, ungerechtfertigte Wahrheitsansprüche offenzulegen,
  Widersprüche aufzudecken und die suggestiven Mittel diskursiver Ansprache
  aufzuzeigen.},
  address = {Münster},
  issn = {3897717328},
  keywords = {analyse, diskurs, kritisch, methoden, text},
  owner = {peter},
  refid = {333},
  timestamp = {2012.06.21}
}

@ARTICLE{Juergens2010,
  author = {Elisabeth Jürgens AND Ruth Jäger},
  title = {Auf der Suche nach männlich und weiblich - Welche Informationen finden
  Vorschulkinder heute im Bilderbuch?},
  journaltitle = {Verhaltenstherapie & psychosoziale Praxis},
  year = {2010},
  subtitle = {Eine Analyse unter Gendergesichtspunkten},
  volume = {42},
  number = {4},
  pages = {1045--1059},
  abstract = {Ausgehend von den nahezu klassischen Ergebnissen zur geschlechtsstereo-
  
  typen Darstellung von Bilderbuchfiguren (zum Überblick: Matthiae,
  1986) wird der Frage
  
  nachgegangen, welche Rollenbilder am Beginn des zweiten Jahrtausends
  unserer Zeitrechnung
  
  in Bilderbüchern vermittelt werden. Sowohl mit quantitativen als auch
  mit qualitativen Metho-
  
  den werden die 2007 und 2008 zum Deutschen Jugendbuchpreis nominierten
  Bücher mit einer
  
  Altersempfehlung bis sechs Jahren unter Gendergesichtspunkten analysiert.
  Im Ergebnis zeigt sich nach wie vor eine Bevorzugung männlicher Figuren
  und Verwendung weiblicher Stereotype. Abschließend wird die Bedeutung
  der Ergebnisse vor dem Hintergrund der Erkenntnisse zur Geschlechtsidentitätsentwicklung
  von Vorschulkindern diskutiert und eine Gendersensibilisierung unterschiedlicher
  Professionen, die Bilderbücher für Kinder auswählen, empfohlen.},
  file = {:juergens2010.pdf:PDF},
  keywords = {Gender, Bilderbuch, Geschlechtsstereotype, Geschlechtsidentität, Geschlechts­
  
  identitätsentwicklung, Deutscher Jugendbuchpreis},
  owner = {peter},
  timestamp = {2012.07.11}
}

@BOOK{Kaminski1989,
  author = {Kaminski, Winfred},
  title = {Einführung in die Kinder- und Jugendliteratur},
  year = {1989},
  subtitle = {Literarische Phantasie und gesellschaftliche Wirklichkeit},
  edition = {2. korr. Aufl.},
  publisher = {Juventa},
  isbn = {3779907410},
  __markedentry = {[peter:]},
  abstract = {Diese Einführung wendet sich an alle, die mit Kinder- und Jugendliteratur
  umgehen. Deshalb ist sie nicht nach literarischen Gattungen gegliedert,
  sie befragt vielmehr die Geschichte der Kindheit nach dem Ort von
  Kinder- und Jugendliteratur. Dazu bringt sie einen geschichtlichen
  Überblick von den Anfängen bis zur Gegenwart, um in den weiteren
  Abschnitten fallweise das Bilderbuch, die Kinderliteratur und die
  Jugendliteratur vorzustellen. Für die verschiedenen Bereiche werden
  thematisch und stilistisch herausragende Linien herausgearbeitet
  und dafür charakteristische Autoren und Werke vorgestellt. Auf diesem
  Weg werden die gegenwärtig spannungsreichen Positionen der eher abbildenden
  und eher phantastischen Schreibweisen näher erläutert. Den Abschluß
  bildet der Versuch, Merkmale und Maßstäbe zur Bewertung und Beurteilung
  von Kinder- und Jugendliteratur anzugeben. Der Akzent dieser Einführung
  liegt darauf, neben den pädagogischen Merkmalen dieses Mediums seine
  ästhetischen Elemente nicht zu gering einzuschätzen. Kinder- und
  Jugendliteratur sollte auch als Literatur, d.h. als Entwurf neuer
  Wirklichkeiten gelesen werden. -- Dieser Text bezieht sich auf eine
  vergriffene oder nicht verfügbare Ausgabe dieses Titels.},
  address = {München},
  file = {Abstract:/home/peter/Dropbox/ForPraLit/Forest/Literatur/Literaturliste/abstracts/kaminski1989.pdf:PDF},
  owner = {peter},
  timestamp = {2012.06.21}
}

@ARTICLE{Kleedorfer1998,
  author = {Jutta Kleedorfer},
  title = {Fiktive Lebensräume \& Lebensträume von Kindheit und Jugend},
  journaltitle = {Medien Impulse},
  year = {1998},
  volume = {September},
  pages = {25--35},
  __markedentry = {[peter:]},
  owner = {peter},
  timestamp = {2012.06.21}
}

@BOOK{Knister1994,
  author = {Knister},
  title = {Hexe Lilli stellt die Schule auf den Kopf},
  year = {1994},
  publisher = {Arena Verlag},
  location = {Würzburg},
  keywords = {kb},
  owner = {peter},
  timestamp = {2012.09.06}
}

@INCOLLECTION{Kuhn2010,
  author = {Alex Kuhn AND Sandra Rühr},
  editor = {Rautenberg Ursula},
  title = {Stand der modernen Lese- und Leserforschung},
  booktitle = {Buchwissenschaft in Deutschland},
  year = {2010},
  publisher = {De Gruyter},
  location = {Berlin AND New York},
  owner = {liz},
  timestamp = {2012.07.16}
}

@ARTICLE{Kuhn2005,
  author = {Hans-Peter Kuhn},
  title = {Geschlechtsspezifische Aspekte politischer Identitätsbildung im Jugendalter},
  journaltitle = {Zeitschrift für Soziologie der Erziehung},
  year = {2005},
  subtitle = {Theorien, Konzepte, Befunde},
  volume = {25},
  number = {4},
  pages = {399--415},
  file = {:kuhn2005.pdf:PDF},
  owner = {peter},
  timestamp = {2012.07.07}
}

@BOOK{Kuttler2009,
  author = {Samuel Kuttler},
  title = {Förderungen von Erziehungskompetenz},
  year = {2009},
  subtitle = {Eine vergleichende Untersuchung zur Wirksamkeit von Elterntreinigskursen},
  publisher = {Diplomica Verlag},
  location = {Hamburg},
  owner = {peter},
  timestamp = {2012.09.07}
}

@BOOK{Lang2001,
  author = {Betina Lang},
  title = {Die Aufwertung der Hexen in der feministischen Kinder- und Jugendliteratur},
  year = {2001},
  publisher = {Grin},
  url = {http://www.grin.com/de/e-book/106319/die-aufwertung-der-hexen-in-der-feministischen-kinder-und-jugendliteratur},
  __markedentry = {[peter:]},
  address = {Norstedt},
  owner = {peter},
  school = {LMU München},
  timestamp = {2012.06.21}
}

@BOOK{Latour2010,
  author = {Latour, Bruno},
  title = {Eine neue Soziologie für eine neue Gesellschaft},
  year = {2010},
  subtitle = {Einführung in die Akteur-Netzwerk-Theorie},
  publisher = {Suhrkamp Verlag},
  pages = {--},
  __markedentry = {[peter:]},
  address = {Frankfurt a.M.},
  issn = {3518295675},
  keywords = {ant, netzwerke, stabilisierung, theorie},
  month = jul,
  origdate = {2005},
  origtitle = {Reasambling the Social. An Introduction to Actor-Network-Theory},
  owner = {peter},
  refid = {325},
  timestamp = {2012.06.21}
}

@ARTICLE{Letendre2007,
  author = {Joan Letendre},
  title = {Sugar and Spice But Not Always Nice},
  journaltitle = {Child and Adolescent Social Work Joarnal},
  year = {2007},
  subtitle = {Gender Socialization and its Impact on Development and Maintenance
  of Aggression in Adolescent Girls},
  volume = {24},
  number = {4},
  pages = {353--368},
  doi = {10.1007/s10560-007-0088-7},
  abstract = {Aggression in girls is a problem that is gaining increased attention.
  The indirect forms of relational aggression historicallyused by girls
  to harm their victims are increasingly escalating into physical altercations.
  An understanding of the interplay between the developmental and contextual
  factors that contribute to learned aggression in girls is needed
  to inform program development that truly responds to the unique gender
  socializationof girls. This article examines parental, environmental,
  and peer factors for their contributions to the development of girls
  aggression. Implications for program development that teaches girls
  and their families alternative waysof expressing their needs and
  protecting themselves from harm is discussed.},
  file = {:letendre2007.pdf:PDF},
  keywords = {Agrression in girls; Conflict resolution; Gender specific inter-
  
  ventions; Socialization of girls},
  owner = {peter},
  timestamp = {2012.07.07}
}

@ARTICLE{Luke1986,
  author = {Allan Luke AND Janine Cooke AND Carmen Luke},
  title = {The Selective Traditon in Action},
  journaltitle = {English Education},
  year = {1986},
  subtitle = {Gender Bias in Student Teachers' Selections of Childrens's Literature},
  volume = {18},
  number = {4},
  pages = {209--218},
  url = {http://www.jstor.org/stable/40172624},
  __markedentry = {[peter:]},
  owner = {peter},
  timestamp = {2012.06.21}
}

@BOOK{Lypp2000,
  author = {Lypp, Maria},
  title = {Vom Kasper zum König},
  year = {2000},
  subtitle = {Studien zur Kinderliteratur},
  publisher = {Lang, Peter},
  isbn = {3631365330},
  __markedentry = {[peter:]},
  address = {Frankfurt},
  file = {Abstract:/home/peter/Dropbox/ForPraLit/Forest/Literatur/Literaturliste/abstracts/lypp2000.pdf:PDF},
  month = aug,
  owner = {peter},
  shorttitle = {Vom Kasper zum König},
  timestamp = {2012.06.21}
}

@ARTICLE{Macha2011,
  author = {Hildegard Macha},
  title = {Konstruktion der Geschlechtsidentität},
  journaltitle = {Gruppendynamik & Organisatisberatung},
  year = {2011},
  subtitle = {Widersprüche aktueller Sozialisationprozesse},
  volume = {42},
  pages = {105--124},
  doi = {10.1007/s11612-011-0151-x},
  abstract = {Der Gedankengang des Beitrags ist Folgender: Zunächst gebe ich in
  vier Aspekten einen Umriss zur geschlechtsbezogenen Sozialisation.
  Danach werde ich aus vier Forschungsfeldern der internationalen Forschung
  aktuelle Widersprüche in der Sozialisation der Geschlechter herausarbeiten.
  Dabei kann ich auch aus eigenen ganz neuen empirischen Studien zu
  
  Familienbiographien und Geschlechterrollen berichten (Macha und Witzke
  2008; Macha 2009).
  
  Die vier exemplarischen Forschungsfelder sind:
  
  1. Geschlechtstypische Sozialisation in der Familie und die Stabilität
  der Zeitstrukturen
  
  2. Geschlechtstypische Sozialisation in der Schule
  
  3. Geschlechtstypische Sozialisation für und durch den Arbeitsmarkt
  am Beispiel der akademi-
  
  schen Karriere
  
  4. Geschlechtstypische Sozialisation für und durch den Arbeitsmarkt
  am Beispiel Führungspositionen in der Wirtschaft und dem Einkommen
  von Männern und Frauen.},
  file = {:macha2011.pdf:PDF},
  keywords = {Geschlechtspezifische Sozialisation, Geschlechtstypische Sozialisation
  
  in der Familie, Geschlechtsunterschiede in Schulen, Gender Gap im
  Arbeitsmarkt, Führungspositionen von Frauen und Männern},
  owner = {peter},
  timestamp = {2012.07.07}
}

@BOOK{Mamet1991,
  author = {David Mamet},
  title = {On Directing Film},
  year = {1991},
  publisher = {Penguin Books},
  location = {New York},
  owner = {peter},
  timestamp = {2012.07.15}
}

@BOOK{McKee2001,
  author = {McKee, Robert},
  title = {Story},
  year = {2001},
  subtitle = {Die Prinzipien des Drehbuchschreibens},
  series = {2},
  publisher = {Alexander Verlag},
  pages = {--},
  __markedentry = {[peter:]},
  address = {Berlin},
  issn = {3895810452},
  keywords = {drehbuch, figuren, plot, schreiben},
  origdate = {1998},
  origtitle = {Story. Substance, Structure, Style and the Principle of Screenwriting},
  owner = {peter},
  refid = {319},
  timestamp = {2012.06.21}
}

@BOOK{McLuhan2012,
  author = {McLuhan, Marshall},
  title = {The Gutenberg Galaxy},
  year = {2012},
  subtitle = {The Making of Typographic Man},
  edition = {Kindle Edition},
  publisher = {University of Toronto Press},
  pages = {--},
  __markedentry = {[peter:]},
  address = {Toronto},
  issn = {3943330001},
  keywords = {bücher, medien, schrift, theorie},
  month = oct,
  origdate = {1962},
  owner = {peter},
  refid = {327},
  timestamp = {2012.06.21}
}

@BOOK{McLuhan1970,
  author = {McLuhan, Marshall},
  title = {Die magischen Kanäle, "Understanding Media" [von Marshall McLuhan];},
  year = {1970},
  publisher = {Fischer Bücherei},
  pages = {--},
  __markedentry = {[peter:]},
  address = {Frankfurt},
  keywords = {medien, theorie},
  owner = {peter},
  refid = {329},
  timestamp = {2012.06.21}
}

@ELECTRONIC{KVA2011,
  author = {MediaSolutions},
  title = {KidsVerbraucherAnalyse 2011},
  year = {2011},
  url = {http://www.egmont-mediasolutions.de/news/pdf/Pressemeldung_KVA%202011.pdf},
  organization = {Egmont MediaSolutions},
  urldate = {2012-07-14},
  location = {Berlin},
  owner = {peter},
  timestamp = {2012.07.15},
  type = {Pressemeldung}
}

@ELECTRONIC{KVA2011ppt,
  author = {MediaSolutions},
  title = {Die KidsVerbraucherAnalyse 2011},
  year = {2011},
  url = {http://www.presseportal.de/showbin.htx?id=192830&type=document&action=download&attname=KVA2011_PraesentationPP.pdf},
  note = {Präsentation},
  organization = {Egmont},
  owner = {peter},
  timestamp = {2012.07.15}
}

@BOOK{Moebius2008,
  author = {Moebius, Stephan},
  title = {Kultur. Einführung in die Kultursoziologie},
  year = {2008},
  publisher = {Transcript},
  pages = {--},
  __markedentry = {[peter:]},
  address = {Bielefeld},
  issn = {3899426975},
  keywords = {kultur, theorie},
  month = dec,
  owner = {peter},
  refid = {335},
  timestamp = {2012.06.21}
}

@ARTICLE{Nilges2002,
  author = {Nilges, Lynda M. and Spencer, Albert F.},
  title = {The Pictorial Representation of Gender and Physical Activity Level
  in Caldecott Medal Winning Children's Literature (1940-1999): A Relational
  Analysis of Physical Culture},
  journaltitle = {Sport, Education and Society},
  year = {2002},
  volume = {7},
  number = {2},
  pages = {135--150},
  issn = {1357-3322},
  url = {http://www.tandfonline.com/doi/abs/10.1080/1357332022000018832},
  __markedentry = {[peter:]},
  abstract = {The pictorial representation of physical activity and gender over
  three time periods is investigated in Caldecott Medal winning children's
  literature. Relational analysis and recent national position documents
  on physical activity are used to frame an interdependent relationship
  between current levels of physical activity among children and the
  various institutionalized forms of physical culture with which they
  interact. Fifty-seven Caldecott Medal winning books were analyzed.
  Frequency counts were recoded for each book in four categories: (1)
  females engaged in sedentary roles, (2) females engaged in active
  roles, (3) males engaged in sedentary roles and (4) males engaged
  in active roles. A 2 (gender) 2 2(activity level) 2 3 (time period)
  factorial ANOVA adjusted for nonormally distributed data was used
  to test frequency of pictorial representation. Results indicate the
  illustrations in Caldecott Medal literature are a poor media for
  communicating a physically active lifestyle to children while at
  the same time have consistently underrepresented females. Males were
  significantly more likely to be portrayed than females (p < 0.05)
  and, regardless of gender, sedentary roles were significantly more
  likely to be portrayed than active roles (p < 0.05). This condition
  did not change significantly over the three time periods tested (1940-1959,
  1960-1979 and 1980-1999). With recent national position documents
  identifying young people as largely inactive and unfit researchers
  and practitioners are (1) encouraged to rethink the seemingly innocent
  relationship between picture books and the trend of inactivity currently
  seen in the United States and (2) develop skills related to critical
  media literacy as part of a pedagogy for new times.},
  owner = {peter},
  refid = {355},
  timestamp = {2012.06.21}
}

@BOOK{Nissen1998,
  author = {Ursula Nissen},
  title = {Kindheit, Geschlecht und Raum},
  year = {1998},
  subtitle = {sozialisationstheoretische Zusammenhänge geschlechtsspezifischer Raumaneignung},
  publisher = {Juventa},
  location = {München},
  owner = {peter},
  timestamp = {2012.07.14}
}

@ARTICLE{Paulitz2012,
  author = {Tanja Paulitz},
  title = {"Hegemoniale Männlichkeiten" als narrative Dinktionspraxis im Wissenschaftsspiel},
  journaltitle = {Österreichische Zeitschrift für Soziologie},
  year = {2012},
  subtitle = {Wissenschaftssoziologische Perspektiven auf historische technikwissenschaftliche
  Erzählungen},
  volume = {37},
  pages = {45--64},
  doi = {10.1007/s11614-012-0013-y},
  abstract = {Der Artikel diskutiert theoretisch und methodisch die Analyse narrativer
  Konstruktionen von Geschlecht aus wissenschaftssoziologischer Perspektive.
  Er versteht sich als Beitrag zu einer Erweiterung der Diskursforschung
  durch Impulse aus der Praxistheorie und so zur Untersuchung wissenschaftlicher
  Narrative als routinisierte ‚strategische Fiktionen‘ im Kon- text
  geschlechtlich codierter Grenzziehungsarbeit (boundary work). Zusätzlich
  knüpft der Artikel an neuere Debatten zum Konzept ‚hegemonialer Männlichkeit‘
  als generatives Prinzip an und interessiert sich für Praktiken, im
  Zuge derer multiple, komplexe und kontext-spezifische Versio- nen
  hegemonialer Männlichkeit entworfen werden, und zwar als Resultat
  diskursiver Kämpfe und auch als Ergebnis des Wettbewerbs unter Männern.
  Die empirische Untersuchung von Narrativen rekonstruiert folglich
  Praktiken der symbolischen Distinktion und Situierung von vergeschlecht-
  lichten Akteuren im sozialen Feld der Wissenschaft. Dies wird am
  Beispiel der Professionali- sierung der modernen Technikwissenschaften
  im deutschsprachigen Raum in der Zeit von den 1870er Jahren bis zur
  Jahrhundertwende illustriert. In ihren Schriften entwarfen die Technikwis-
  senschaftler anfangs den ‚Maschinenwissenschaftler‘ als neutralisierte
  Position wissenschaftlicher Objektivität mit Hilfe eines Fortschrittsnarrativs.
  Später löste der ‚Mann der Tat‘ das vorherige Konzept ab. Mit Hilfe
  eines Ursprungsnarrativs wurde nun technische Kompetenz naturalisiert
  und als besondere Gabe der Geschlechtsnatur des Mannes verstanden.
  Beide Narrative werden als je spezifische Art und Weise der Herstellung
  von Männlichkeit gedeutet, mit denen Ingenieu- re jeweils für eine
  dominante Position im Wissenschaftsspiel kämpften, nicht nur in Bezug
  auf Frauen, sondern auch in Bezug auf andere soziale Gruppen von
  Männern.},
  file = {:paulitz2012.pdf:PDF},
  owner = {peter},
  timestamp = {2012.07.07}
}

@ARTICLE{Peter2012,
  author = {Christina Peter AND Andreas Fahr AND Hannah Früh},
  title = {Im Spiegel der Anderen},
  journaltitle = {Publizistik},
  year = {2012},
  subtitle = {Soziale Vergleiche mit Personen aus dem persönlichen und medialen
  Umfeld},
  volume = {57},
  pages = {161--178},
  doi = {10.1007/s11616-012-0146-9},
  abstract = {Soziale Vergleichsprozesse sind ein zentrales Konstrukt in der sozialpsy-
  
  chologischen Forschung und ein wichtiger Faktor der Identitätsarbeit.
  Gleichwohl wurden sie bis-
  
  her kaum systematisch im Zusammenhang mit Mediennutzung untersucht,
  obwohl das Potential
  
  von Medien als Mittel zur Identitätsarbeit regelmäßig betont wird.
  Insbesondere die Bedeutung,
  
  die Vergleiche mit Medienpersonen in diesem Zusammenhang in Relation
  zu Vergleichen mit Per-
  
  sonen aus dem sozialen Umfeld haben, ist weitgehend ungeklärt. Die
  vorliegende Studie widmet
  
  sich daher der Erforschung medienvermittelter Vergleichsprozesse und
  untersucht Gemeinsam-
  
  keiten und Unterschiede zu sozialen Vergleichen mit Personen aus dem
  persönlichen Umfeld. In
  
  einer Befragung von 278 Teilnehmern wurden über eine Kombination verschiedener
  Messver-
  
  fahren mehrere Aspekte beider Vergleichsdomänen (soziales versus mediales
  Umfeld) ermittelt.
  
  Die Ergebnisse zeigen Unterschiede zwischen beiden Domänen bei der
  Vergleichshäufigkeit und
  
  Vergleichsrichtung sowie teilweise bei der Relevanz bestimmter Vergleichsdimensionen.},
  file = {:peter2012.pdf:PDF},
  keywords = {Sozialer Vergleich, Mediennutzung, Identitätsarbeit, Comparative Rating},
  owner = {peter},
  timestamp = {2012.07.07}
}

@BOOK{Philipp2012,
  author = {Philipp, Maik},
  title = {Besser lesen und schreiben},
  year = {2012},
  subtitle = {Wie Schüler effektiver mit Sachtexten umgehen lernen},
  publisher = {Kohlhammer},
  location = {Stuttgart},
  owner = {peter},
  timestamp = {2012.06.25}
}

@BOOK{Philipp2011,
  author = {Maik Philipp},
  title = {Lesesozialisation in Kindheit und Jugend},
  year = {2011},
  subtitle = {Lesemotivation, Leseverhalten und Lesekompetenz in Familie, Schule
  und Peer-Beziehungen},
  publisher = {Kohlhammer},
  location = {Stuttgart},
  owner = {peter},
  timestamp = {2012.06.25}
}

@BOOK{Philipp2008,
  author = {Maik Philipp},
  title = {Lesen, wenn anderes und adere wichtiger werden.},
  year = {2008},
  publisher = {Lit},
  location = {Hamburg},
  owner = {peter},
  timestamp = {2012.06.25}
}

@ARTICLE{Philipp2008a,
  author = {Philipp, Maik AND Maria von Salisch AND Dietmar Gölitz},
  title = {Kein Anschluss ohne Komminikation},
  journaltitle = {merz. medien + erziehung},
  year = {2008},
  subtitle = {oder: Lese- und Medienkompetenz entstehen im Gespräch -- auch mit
  Peers?},
  volume = {52},
  number = {6},
  pages = {24--33},
  file = {:philipp2008.pdf:PDF},
  owner = {peter},
  timestamp = {2012.06.25}
}

@ARTICLE{Philipp2011a,
  author = {Maik Philipp AND Afra Sturm},
  title = {Literalität und Geschlecht},
  journaltitle = {Didaktik Deutsch},
  year = {2011},
  subtitle = {Zum subjektiv wahrgenommenen und in Leistungstest ermittelten schriftsprachlichen
  Leistungsvermögen von Jungen und Mädchen},
  volume = {31},
  pages = {68--95},
  owner = {peter},
  timestamp = {2012.06.25}
}

@THESIS{Pick2009,
  author = {Pick, Carl},
  title = {Serielle Narration in der Kinderliteratur},
  year = {2009},
  pages = {--},
  url = {http://othes.univie.ac.at/4257/},
  __markedentry = {[peter:]},
  abstract = {In this thesis, I create a typology of children’s book series. I analyze
  series from four different countries: the Italian “Adventures of
  Pinocchio,” the Austrian “Die Knickerbocker-Bande,” the German “Die
  Wilden Fußballkerle” and the American “The Spiderwick Chronicles,”
  and consider specifically the areas of fabula-episode-relation, beginnings
  and endings, and the relationship of the author to his/her work and
  story/discourse time. The paper defines three major different types
  of children’s book series: “Serie”, which has both a contained episode
  and an overlapping fabula;. “Reihe”, which has only fabula contained
  within the episode; “Feuilletonroman”, which is best defined with
  the already established definition: „Every fabula that is published
  in a periodical publication“. There exists a phenomenon in current
  children’s literature called the illusion of the real, especially
  in children’s books where the level of border crossing between reality
  and fiction reaches a new climax: In two of the four series analyzed,
  it’s not only the author who stages himself as a witness-narrator,
  but protagonists of later episodes who have read earlier ones. While
  series in other media create cliffhangers by breaking on the peak
  of suspense, the books analyzed here use the narrator to achieve
  tension at the end of an episode.},
  file = {:/home/peter/Dropbox/ForPraLit/Forest/Literatur/PDFs/picker2009.pdf:PDF},
  owner = {peter},
  refid = {367},
  school = {Universität Wien},
  timestamp = {2012.06.21}
}

@BOOK{Postman2011,
  author = {Postman, Neil},
  title = {The Disappearance of Childhood},
  year = {2011},
  publisher = {Vintage},
  pages = {--},
  __markedentry = {[peter:]},
  address = {New York},
  keywords = {kinder, kinderbücher, kindheit, konstruktion, theorie},
  month = jun,
  origdate = {1982},
  owner = {peter},
  refid = {346},
  timestamp = {2012.06.21}
}

@BOOK{Postman1985,
  author = {Neil Postman},
  title = {Das Verschwinden der Kindheit},
  year = {1985},
  publisher = {Fischer},
  location = {Frankfurt},
  owner = {peter},
  timestamp = {2012.07.17}
}

@BOOK{Pytlik2003,
  author = {Pytlik, Anne},
  title = {Geschlechtsstereotype in Kinderliteratur},
  year = {2003},
  note = {Hausarbeit},
  publisher = {Grin},
  isbn = {9783638234320},
  __markedentry = {[peter:]},
  abstract = {[...] Vom Ansatz her ist das Thema daher eher für eine Doktorarbeit
  als für eine in ihrem Umfang sehr begrenzte Facharbeit geeignet.
  Um da-her eine sinnvolle Analyse des Erarbeiteten vornehmen zu können,
  sei es erlaubt ohne besonderen Nachweis auf Aus-sagen zurückzugreifen,
  die dem in diesem Bereich Interessierten ohnehin bekannt sein dürften.
  Dazu ist erst einmal eine Definition des in der Themenstellung enthaltenen
  Begriffes Stereotyp erforderlich: {„Stereotype} sind einfache, ungenügend
  begründete, mindestens teilweise unzutreffende, und von vielen Leuten
  mit großer Überzeugung geteilte Vorstellungen, Annahmen und Erwartungen.“
  1 2 Wie die Stereotype, die das Geschlech-terverhältnis prägen, von
  den Autoren der im Verlauf der Arbeit besprochenen Bücher teilweise
  bewusst, den kindlichen Lesern jedoch immer unbewusst, vermittelt
  werden, soll die vorliegende Facharbeit untersuchen. Dazu bedarf
  es zunächst der Erläuterung einiger Voraussetzungen. Unterschiede
  zwischen Mann und Frau Trifft man eine Person, z. B. auf der Straße,
  kann man, obwohl man sie zum ersten Mal sieht, innerhalb von Sekundenbruchteilen
  einschätzen, ob es sich um einen Mann oder eine Frau handelt. Eine
  Einordnung einer Person hin-sichtlich ihres Geschlechts ist in unserer
  Gesellschaft zwingend vorgeschrieben. Die Geschlechtszugehörigkeit
  wird aus Indizien konstruiert. Die Indentifizierung einer Person
  als Mann oder Frau ist schon klar, bevor ihre Geschlechts-merkmale
  überhaupt erkennbar sind. Es stehen praktisch alle Eigenschaften,
  habituelle und optische, für eine Geschlechtsattribution zu Verfügung
  wie z. B. Blicke, Gesten, Tätigkeiten, Frisuren, Kleidung, etc..
  . Diese enthalten aber gleichzeitig eine Reihe von kulturellen Bedeutungen
  und Bewertungen. Um dies näher zu erläutern, sollten ein paar Fachbegriffe
  geklärt werden: Will man zwischen Mann und Frau unterscheiden, sollte
  man die Bedeutung des Wortes {„Geschlecht“} in zwei Aspekte unterteilen:
  in das „natürliche“, biologische Geschlecht, die sichtbaren anatomischen
  Besonderheiten der Körper, vor allem die Genitalien, aber auch die
  sekundären und tertiären Geschlechtsmerkmale, was als sex (a. d.
  Englischen) bezeichnet wird. [...] 1 [10] S.83-84 nach Harding u.a.
  1969 S.4 2 Die Nummern der Zitate / Anmerkungen in [ ] verweisen
  auf die entsprechende Veröffentlichung im Anhang.},
  address = {Norstedt},
  month = dec,
  owner = {peter},
  timestamp = {2012.06.21}
}

@ARTICLE{Raab2012,
  author = {Jürgen Raab},
  title = {Visuelle Wissenssoziologie der Frotgrafie},
  journaltitle = {Österreichische Zeitschrift für Soziologie},
  year = {2012},
  subtitle = {Sozialwissenschaftliche Analysearbeit zwischen Einzelbild, Bildkontexten
  und Sozialmilieu},
  volume = {37},
  pages = {121--142},
  file = {:raab2012.pdf:PDF},
  keywords = {Visuelle Soziologie, Wissenssoziologie, Bildhermeneutik, 
  
  Rahmenanalyse, Konstellationsanalyse},
  owner = {peter},
  timestamp = {2012.07.07}
}

@ARTICLE{Reeves1983,
  author = {Reeves, Joy B. and Boyette, Nydia},
  title = {What does children's art work tell us about gender?},
  journaltitle = {Qualitative Sociology},
  year = {1983},
  volume = {6},
  number = {4},
  pages = {322--333},
  issn = {0162-0436},
  url = {http://www.springerlink.com/content/h4470px704641868/abstract/},
  __markedentry = {[peter:]},
  abstract = {If art is an authentic expression of the self, a sociologist should
  be able to examine children's art work to see what effect various
  social agents have had on gender socialization. Inferences could
  be made from the art work about the socialization process. In this
  study, the authors examined children's art work to investigate the
  implicit sex role perceptions of children. The population included
  110 students between the ages of nine and 12 in three elementary
  schools in Texas. 126 pieces of art were examined and 500 independent
  ratings were made. Results of the study indicated that the content
  and form of children's art work differ significantly by sex. A gender
  role perspective was used to explain the pattern.},
  keywords = {Humanities, Social Sciences and Law},
  owner = {peter},
  refid = {358},
  timestamp = {2012.06.21}
}

@ARTICLE{Riegraf2008,
  author = {Birgit Riegraf},
  title = {Anwendungsorientierte Forschung und der Wandel der Wissensordnung
  zu Geschlecht},
  journaltitle = {Österreichische Zeitschrift für Soziologie},
  year = {2008},
  subtitle = {Konzeptionelle Annäherungen},
  volume = {33},
  number = {4},
  pages = {62--78},
  doi = {10.1007/s11614-008-0042-8},
  __markedentry = {[peter:]},
  file = {:/home/peter/Dropbox/ForPraLit/Forest/Literatur/PDFs/riegraf2008.pdf:PDF},
  owner = {peter},
  timestamp = {2012.06.23}
}

@INPROCEEDINGS{Rohrmann2012,
  author = {Tim Rohrmann},
  editor = {Diözesan-Caritasverband für das Erbistum Köln e. V.},
  title = {... und wer erzieht im Bilderbuch?},
  booktitle = {Projekt MAIK -- Männer arbeiten in Kitas},
  year = {2012},
  pages = {21--25},
  owner = {peter},
  timestamp = {2012.09.07}
}

@ARTICLE{Rudd1995,
  author = {David Rudd},
  title = {Five Have a Gender-ful Time},
  journaltitle = {Children's Literature in Education},
  year = {1995},
  subtitle = {Blyton, Sexism, and the Infamous Five},
  volume = {26},
  number = {3},
  pages = {185--196},
  file = {:rudd1995.pdf:PDF},
  owner = {peter},
  timestamp = {2012.07.07}
}

@ARTICLE{Schenkel2003,
  author = {Schenkel, Kerstin},
  title = {Ein Lehr- und Studienbuch der interkulturellen Pädagogik},
  journaltitle = {querelles-net},
  year = {2003},
  volume = {10},
  url = {http://www.doaj.org/doaj?func=abstract&id=776664},
  __markedentry = {[peter:]},
  abstract = {Renate Nestvogel gibt anhand von Auszügen ausgewählter biographischer
  Romane und Erzählungen einen Einblick in Aspekte weibliche verschiedener
  Kulturen und Gesellschaften. Den Texten vorangestellt ist u. a. ein
  Forschungsüberblick zu Sozialisationskonzepten, zur weiblichen Sozialisation
  und den Geschlechterverhältnissen sowie zur Kindheit und Jugend.
  Die Texte werden thematisch nach unterschiedlichen Themen wie Lebensräumen,
  Kinderarbeit, Phantasie, Geschlechtersozialisation, Körpersozialisation
  differenziert und jeweils von theoretischen Einführungen begleitet.
  Die Publikation stellt den Abschlussband der Reihe {„Einführung}
  in die pädagogische Frauenforschung“ dar, die als Basis für erziehungswissenschaftliche
  Lehre dienen soll.},
  owner = {peter},
  timestamp = {2012.06.21}
}

@BOOK{Schilcher2001,
  author = {Schilcher, Anita},
  title = {Geschlechtsrollen, Familie, Freundschaft und Liebe in der Kinderliteratur
  der 90er Jahre: Studien zum Verhältnis von Normativität und Normalität
  im Kinderbuch und zur Methodik der Werterziehung},
  year = {2001},
  publisher = {Lang, Peter},
  isbn = {3631381379},
  __markedentry = {[peter:]},
  address = {Frankfurt},
  file = {Abstract:/home/peter/Dropbox/ForPraLit/Forest/Literatur/Literaturliste/abstracts/schilcher2001.pdf:PDF},
  month = aug,
  owner = {peter},
  shorttitle = {Geschlechtsrollen, Familie, Freundschaft und Liebe in der Kinderliteratur
  der 90er Jahre},
  timestamp = {2012.06.21}
}

@ARTICLE{Schindler2012,
  author = {Larissa Schindler},
  title = {Visuelle Kommunikation und die Ethnomethoden der Ethnographie},
  journaltitle = {Österreichische Zeitschrift für Soziologie},
  year = {2012},
  volume = {37},
  pages = {165--183},
  doi = {10.1007/s11614-012-0027-5},
  file = {:schindler2012.pdf:PDF},
  keywords = {Ethnographie · Ethnomethodologie · Rahmenanalyse · Kommunikation ·
  
  Visuelle Soziologie · Soziale Praktiken · Methodologie · Qualitative
  Forschung ·
  
  Wissenschaftssoziologie · Wissenssoziologie},
  owner = {peter},
  timestamp = {2012.07.07}
}

@ARTICLE{Schmerl1988,
  author = {Christiane Schmerl AND Gabi Schülke AND Wärntges-Möschen, Jutta},
  title = {Die Helden von gestern sind noch nicht müde},
  journaltitle = {Zeitschrift für Sozialisationsforschung und Erziehungssoziologie},
  year = {1988},
  subtitle = {Über die Zähigkeit von Geschlechterklischees in Kinderbilderbüchern},
  volume = {8},
  pages = {130--151},
  file = {:schmerl1988.pdf:PDF},
  owner = {peter},
  timestamp = {2012.07.07}
}

@BOOK{Sigmund2010,
  author = {Michael Sigmund AND Joachim Bröcher},
  title = {Pädagogische Grundlagen der Angewandten Kindheitswissenschaften},
  year = {2010},
  publisher = {Books on Demand},
  location = {Norderstedt},
  owner = {peter},
  timestamp = {2012.07.17}
}

@ARTICLE{Sonnenmoser2011,
  author = {Marion Sonnenmoser},
  title = {Kein Fortschritt in Sicht},
  journaltitle = {Deutsches Ärzteblatt},
  year = {2011},
  volume = {7},
  pages = {321},
  __markedentry = {[peter:]},
  abstract = {Viele Bilderbücher vermitteln Kindern unter sechs Jahren, die ihre
  eigene
  
  geschlechtliche Identität erst noch entwickeln, in unkritischer Weise
  bestimmte
  
  Geschlechtsrollenklischees. Diese haben kaum etwas mit der Realität
  zu tun.},
  file = {:/home/peter/Dropbox/ForPraLit/Forest/Literatur/PDFs/sonnemoser2011.pdf:PDF},
  owner = {peter},
  timestamp = {2012.06.23}
}

@BOOK{Suchan2007,
  author = {Birgit Suchań AND Gabi Schülke AND Jutta Wärntges-Möschen AND Silvia
  Bergmüller},
  title = {PIRLS 2006. Internationaler Vergleich von Schülerleistungen},
  year = {2007},
  subtitle = {Erste ERgebnisse - Lesen in der Grundschule},
  publisher = {Leykam},
  location = {Graz},
  owner = {peter},
  timestamp = {2012.07.15}
}

@ARTICLE{Trepte2004,
  author = {Sabine Trepte},
  title = {Soziale Identität und Medienwahl},
  journaltitle = {Medien & Kommunikation},
  year = {2004},
  subtitle = {Eine binationale Studie zum Einfluss von Gender-Identität und nationaler
  Identität auf die Selektion unterhaltender Medieninhalte},
  volume = {52},
  number = {2},
  pages = {230--249},
  file = {:trepte2004.pdf:PDF},
  owner = {peter},
  timestamp = {2012.07.09}
}

@ARTICLE{Tsao2008,
  author = {Tsao, Ya-Lun},
  title = {Gender issues in young cildren's literature},
  year = {2008},
  volume = {45},
  __markedentry = {[peter:]},
  abstract = {In recent decades, extensive studies from diverse disciplines have
  focused on children's developmental awareness of different gender
  roles and the relationships between genders. Among these studies,
  researchers agree that children's picture books have an increasingly
  significant place in children's development because these books are
  a widely available cultural resource, offering young children a multitude
  of opportunities to gain information, become familiar with the printed
  pictures, be entertained, and experience perspectives other than
  their own. In such books, males are habitually described as active
  and domineering, while females rarely reveal their identities and
  very frequently are represented as meek and mild. This valuable venue
  for children's gender development thus unfortunately reflects engrained
  societal attitudes and biases in the available choices and expectations
  assigned to different genders. This discriminatory portrayal in many
  children's picture books also runs the risk of leading children toward
  a misrepresented and misguided realization of their true potential
  in their expanding world.},
  citeseerurl = {http://www.freepatentsonline.com/article/Reading-Improvement/184699333.html},
  owner = {peter},
  timestamp = {2012.06.21}
}

@INCOLLECTION{Vollbrecht1998,
  author = {Ralf Vollbrecht},
  editor = {Horst Dichanz},
  title = {Wie Kinder mit Werbung umgehen},
  booktitle = {Handbuch Medien: Medienforschung},
  year = {1998},
  subtitle = {Ergebnisse eines DFG-Gorschungsprojekts},
  publisher = {Bundeszentrale für politische Bildung},
  location = {Bonn},
  pages = {188--195},
  owner = {peter},
  timestamp = {2012.07.15}
}

@BOOK{Wege2009,
  author = {Wege, Brigitte vom and Wessel, Mechthild},
  title = {Kinderliteratur für sozialpädagogische Berufe},
  year = {2009},
  edition = {1},
  publisher = {Bildungsverlag Eins},
  isbn = {3427899209},
  __markedentry = {[peter:]},
  address = {Köln},
  file = {Abstract:/home/peter/Dropbox/ForPraLit/Forest/Literatur/Literaturliste/abstracts/wege2010.pdf:PDF},
  month = may,
  owner = {peter},
  timestamp = {2012.06.21}
}

@BOOK{Weinkauff2010,
  author = {Weinkauff, Gina},
  title = {Kinder- und Jugendliteratur},
  year = {2010},
  publisher = {UTB},
  location = {Stuttgart},
  owner = {liz},
  timestamp = {2012.07.17}
}

@ARTICLE{West1987,
  author = {Candace West AND Don H. Zimmermann},
  title = {Doing Gender},
  journaltitle = {Gender and Society},
  year = {1987},
  volume = {1},
  pages = {125--151},
  eprint = {189945},
  eprinttype = {jstor},
  abstract = {The purpose of this article is to advance a new understanding of gender
  as a routine accomplishment embedded in everyday interaction. To
  do so entails a critical assessment of existing perspectives on sex
  an gender and the intorduckton of important distinctions amon sex,
  sex category and gender. We argue that recocnition of the analytical
  independence of these concepts is essential for understanding the
  interactional work involved in being a genderd person in society.
  The thrust of our remarks is toward theoretical reconceptualization,
  but we consider fruitful directions for empircal research that are
  indicatetd by our formulation.},
  file = {:west1987.pdf:PDF},
  owner = {peter},
  timestamp = {2012.07.07}
}

@INCOLLECTION{Winter2004,
  author = {Rainer Winter},
  editor = {Uwe Flick and Ernst von Kardorff and Ines Steinke},
  title = {Cultural Studies},
  booktitle = {A companion to qualitative research},
  year = {2004},
  chapter = {3.9},
  address = {London, Thousend Oaks, New Dehli},
  owner = {peter},
  timestamp = {2012.07.15}
}

@MOVIE{zeffirelli1986,
  author = {Franco Zeffirelli},
  location = {I AND NL},
  title = {Otello},
  year = {1986},
  owner = {peter},
  timestamp = {2012.09.06}
}

@COLLECTION{Balke2011,
  editor = {Friedrich Balke AND Maria Muhle AND Antonia von Schönig},
  title = {Die Wiederkerh der Dinge},
  year = {2011},
  publisher = {UVK},
  address = {Berlin},
  owner = {peter},
  timestamp = {2012.07.14}
}

@PERIODICAL{Baschera2009,
  editor = {Baschera, Marco AND Naumann, Barbara},
  title = {Einleitung zu: Mehrsprachiges Denken / Penser en langues / Thinking
  in languages},
  year = {2009},
  series = {Figuration},
  volume = {10},
  number = {1--2},
  __markedentry = {[peter:]},
  abstract = {In der vielfältigen Begegnung der Kulturen und Sprachen liegt das
  Potenzial, die gelebte Beziehung zwischen Wort und Gedanke in der
  einen Sprache unter Respektierung der Unterschiede in andere Sprachen
  zu übertragen. Dem kann ein mehrsprachiges Denken entspringen, das
  sich nicht in abstrakten, universellen Begriffen vollzieht, sondern
  gerade aus dem Unterschied der verschiedenen sprachgebundenen Denkweisen
  hervorgeht. Die Vorstellung einer in kultureller und politischer
  Hinsicht produktiven Mehrsprachigkeit wird in diesem Doppelheft aus
  philosophischer, linguistischer, literaturwissenschaftlicher,künstlerischer
  und pädagogischer Sicht beleuchtet. Gasteditor: Marco Baschera
  
  
  Marco Baschera ist Titularprofessor an der Universität Zürich für
  französische sowie für allgemeine und vergleichende Literaturwissenschaft.},
  address = {Köln},
  journaltitle = {Figurationen},
  owner = {peter},
  pages = {7--19},
  publisher = {Böhlau},
  refid = {370},
  timestamp = {2012.06.21}
}

@COLLECTION{Belliger2006,
  editor = {Andréa Belliger AND David J. Krieger},
  title = {ANThology},
  year = {2006},
  subtitle = {Ein einführendes Handbuch zur Akteur-Netzwerk-Theorie},
  publisher = {transcript},
  location = {Bielefeld},
  owner = {peter},
  timestamp = {2012.07.15}
}

@BOOK{Huether2005,
  title = {Grundbegriffe der Medienpädagogik},
  year = {2005},
  editor = {Jürgen Hüther AND Bernd Schorb},
  edition = {4. Vollständig neu konziperte Auflage},
  publisher = {kopaed},
  location = {München},
  file = {:huether2005.pdf:PDF},
  owner = {peter},
  timestamp = {2012.07.11}
}

@COLLECTION{Lange2011,
  editor = {Günther Lange},
  title = {Kinder- und Jugendliteratur der Gegenwart},
  year = {2011},
  subtitle = {Ein Handbuch},
  publisher = {Schneider Verlag},
  location = {Baltmannsweiler},
  owner = {peter},
  timestamp = {2012.07.17}
}

@BOOK{Luca2003,
  title = {Medien.Sozialisation.Geschlecht.},
  year = {2003},
  editor = {Renate Luca},
  publisher = {kopaed},
  location = {München},
  file = {:luca2003.pdf:PDF},
  owner = {peter},
  timestamp = {2012.07.07}
}

@PROCEEDINGS{2007,
  title = {Gender Mainstreaming im Schulalltag},
  year = {2007},
  publisher = {EfEU im Auftrag des bm:ukk},
  __markedentry = {[peter:]},
  address = {Wien},
  file = {:/home/peter/Dropbox/ForPraLit/Forest/Literatur/PDFs/bmukk2007.pdf:PDF},
  owner = {peter},
  timestamp = {2012.06.23}
}

@comment{jabref-meta: selector_publisher:}

@comment{jabref-meta: selector_author:}

@comment{jabref-meta: selector_journal:}

@comment{jabref-meta: selector_keywords:myown;2012;analysis;kde;social
;sorting;data;heapsort;quicksort;sort;algorithm;seminar;web;review;onl
ine;computing;network;science;news;ubiquitous;bibsonomy;clustering;min
ing;bookmarking;r;information;search;gewalt;lsa;extraction;selection;m
obile;contributed_talk;cloud;text;design;scholarly;negotiation;paralle
l;nlp;model;2010;math;evolution;retrieval;mergesort;graph;gleichheit;i
nsertion;top;internet;intelligence;ontology;hypertext;learning;similar
ity;event;boosting;eclipse;based;database;proceedings;case;disambiguat
ion;speech;study;collective;itegpub;java;prediction;survey;ruby;robote
r;saarland;properties;programming;römerzeit;prototype;romanisierung;ro
man;psl-kolegij;prophylaxis;psychisches_trauma;sachbuch;safety;robot;p
uma;psychologisches_experiment;pub_msö;risque-sanitaire;psychotherapie
;ripae;publication;publikationsmanagement;pub_aho;pub_jml;ring;richter
m_ma;}

@comment{jabref-entrytype: Movie: req[author;location;title;year] opt[]}

